@book{rao,
 Author = {Singiresu S. \MakeUppercase{Rao}},
 title = {Mechanical Vibrations (5th Edition)},
 description = {Mechanical Vibrations (5th Edition) (Book, 2010)},
 publisher = {Pearson},
 interhash = {a329b388b82467e5306031e2aba4bf32},
 intrahash = {c2edb9c074e8e22c7e9d7dd6808ecabe},
 year = {2010},
 month = {sep},
 isbn = {0132128195},
 url = {https://www.xarg.org/ref/a/0132128195/}
}

@book{tommitchell1997,
 Author = {Tom M. \MakeUppercase{Mitchell}},
 title = {Machine Learning},
 description = {Machine Learning (Book, 1997)},
 publisher = {McGraw-Hill Education},
 interhash = {3845bda9a7630b9edb381daf476eaba9},
 intrahash = {df86d20d75407fd61ff89384f3ca8fcc},
 year = {1997},
 month = {mar},
 isbn = {0070428077},
 url = {https://www.xarg.org/ref/a/0070428077/}
}

@book{shaishalev-shwartz2014,
 Author = {Shai \MakeUppercase{Shalev-Shwartz}},
 title = {Understanding Machine Learning: From Theory to Algorithms},
 description = {Understanding Machine Learning: From Theory to Algorithms (Book, 2014)},
 publisher = {Cambridge University Press},
 interhash = {3988a9241cffd0f8ed12003ba3a7d3ce},
 intrahash = {7634951634a4b72a813e214fb26405bc},
 year = {2014},
 month = {may},
 isbn = {1107057132},
 url = {https://www.xarg.org/ref/a/1107057132/}
}

@online{javaP,
    author = {javatpoint.com},
    title = {Regression vs. Classification in Machine Learning},
    month = Nov,
    year = {2020},
    howpublished={\url{https://www.javatpoint.com/regression-vs-classification-in-machine-learning}}
}

@article{varoto2011,
    author = {\MakeUppercase{Oliveira}, Leopoldo de and \MakeUppercase{Varoto}, Paulo and \MakeUppercase{Peres}, M.A.S.},
    year = {2011},
    month = {01},
    pages = {2516-2523},
    title = {Shaker structure interaction: Overview and updated results},
    volume = {3},
    journal = {18th International Congress on Sound and Vibration 2011, ICSV 2011}
}

@Book{mcconnell2008vibration,
 author = { Kenneth \MakeUppercase{McConnell}},
 title = {Vibration testing : theory and practice},
 publisher = {John Wiley \& Sons},
 year = {2008},
 address = {Hoboken, New Jersey},
 isbn = {978-0471666516}
 }

@book{andreasmuller2016,
 Author = {Andreas C. \MakeUppercase{Müller}},
 title = {Introduction to Machine Learning with Python: A Guide for Data Scientists},
 description = {Introduction to Machine Learning with Python: A Guide for Data Scientists (Book, 2016)},
 publisher = {O'Reilly Media},
 interhash = {5a7cb5995384195c752ae92c044e23dc},
 intrahash = {506a6bfd7cd8ceaae80503febe08a3e1},
 year = {2016},
 month = {oct},
 isbn = {1449369413},
 url = {https://www.xarg.org/ref/a/1449369413/}
}


@online{Nilsson96introductionto,
    author = {Nils J. \MakeUppercase{Nilsson}},
    title = {Introduction to Machine Learning: An Early Draft of a Proposed Textbook. Pages 175-188. http://robotics.stanford.edu/people/nilsson/mlbook.ht ml},
    year = {1996}
}

@article{scikit-learn,
 title={Scikit-learn: Machine Learning in {P}ython},
 author={\MakeUppercase{Pedregosa}, F. and Varoquaux, G. and \MakeUppercase{Gramfort}, A. and \MakeUppercase{Michel}, V.
         and \MakeUppercase{Thirion}, B. and Grisel, O. and \MakeUppercase{Blondel}, M. and \MakeUppercase{Prettenhofer}, P.
         and \MakeUppercase{Weiss}, R. and Dubourg, V. and \MakeUppercase{Vanderplas}, J. and \MakeUppercase{Passos}, A. and
         \MakeUppercase{Cournapeau}, D. and Brucher, M. and \MakeUppercase{Perrot}, M. and \MakeUppercase{Duchesnay}, E.},
 journal={Journal of Machine Learning Research},
 volume={12},
 pages={2825--2830},
 year={2011}
}

@article{cesar_artigo,
author = {\MakeUppercase{Ramos}, Alexandre Carlos and \MakeUppercase{Álvarez-Briceño}, Ricardo and \MakeUppercase{Melo}, César and \MakeUppercase{Oliveira}, Leopoldo de},
year = {2019},
month = {07},
pages = {},
title = {A comparison between dynamic force estimation via classical path analysis and Kalman filtering techniques}
}

 @online{girgin_2019,
     title={Decision Tree Regression in 6 Steps with Python},
     url={https://medium.com/pursuitnotes/decision-tree-regression-in-6-steps-with-python-1a1c5aa2ee16},
     journal={Medium},
     publisher={PursuitData},
     author={\MakeUppercase{Samet} Girgin},
     year={2019},
     month={Jul}
 } 


@online{nagpal_2017,
    author={Anuja \MakeUppercase{Nagpal}},
    title={L1 and L2 Regularization Methods},
    url={towardsdatascience.com/l1-and-l2-regularization-methods-ce25e7fc831c}, journal={Medium},
    publisher={Towards Data Science},
    year={2017},
    month={Oct}
}

@manual{solidWorks,
author = {\MakeUppercase{Equipe do SolidWorks}},
title = {Guia do usuário do SolidWorks},
year = {2018},
language = {English},
organization = {3DS},
}

@book{khurmi,
    title = {Theory of Machines},
    author = {\MakeUppercase{Khurmi}, R.S. and \MakeUppercase{Gupta}, J.K.},
    isbn= {9788121925242},
    year = {2005},
    publisher = {S. Chand \& Co. Ltd.},
    keywords = {vibration}
}

@misc{daSilva,
  author       = {da Silva, S.}, 
  title        = {Vibrações Mecânicas - Notas de Aula},
  institution  = {Unioeste - Universidade Estadual do Oeste do Paraná},
  year         = 2009,
  address      = {Foz do Iguaçu, Paraná - Brasil},
  note         = {Centro de Engenharias e Ciências Exatas - CECE}
}


@misc{melo,
  author       = {Melo, C. A. P.}, 
  title        = {Análise Modal Experimental - Notas de Aula},
  institution  = {CEFET-MG - Centro Federal de Educação Tecnológica de Minas Gerais},
  year         = 2019,
  address      = {Belo Horizonte, Minas Gerais - Brasil},
  note         = {Departamento de Engenharia Mecânica - DEM}
}

@article{schaldenbrand,
  author  = {\MakeUppercase{Schaldenbrand}, P.}, 
  title   = {What is a Frequency Response Function (FRF)?},
  journal = {Siemens Community},
  year    = 2019,
  note    = {https://community.sw.siemens.com/s/article/what-is-a-frequency-response-function-frf, peter.schaldenbrand@siemens.com}
}


@online{bowne-anderson_2018,
title={What Data Scientists Really Do, According to 35 Data Scientists},
url={https://hbr.org/2018/08/what-data-scientists-really-do-according-to-35-data-scientists?ab=at_articlepage_relatedarticles_horizontal_slot2},
journal={Harvard Business Review},
author={\MakeUppercase{Bowne-Anderson}, Hugo},
year={2018},
month={Sep}
}

@online{pant_2019,
    title={Introduction to Machine Learning for Beginners},
    url={https://towardsdatascience.com/introduction-to-machine-learning-for-beginners-eed6024fdb08},
    journal={Medium},
    publisher={Towards Data Science},
    author={\MakeUppercase{Pant}, Ayush},
    year={2019},
    month={Jan}
}

@online{azimadli,
    author = "\MakeUppercase{Azima}, DLI",
    title = "Mode Shape",
    url  = "azimadli.com/vibman/gloss_modeshape1.htm",
    addendum = {acesso: 11.12.2019},
    year = 2009
}
 
@book{maxkuhn2013,
 Author = {Max \MakeUppercase{Kuhn}},
 title = {Applied Predictive Modeling},
 description = {Applied Predictive Modeling (Book, 2013)},
 publisher = {Springer},
 interhash = {a69b9ad8b807875f373954337b3d6cde},
 intrahash = {b851345c105cfbdb7cd932f138c005f5},
 year = {2013},
 month = {may},
 url = {https://www.xarg.org/ref/a/B00K15TZU0/}
}

@online{ohaver,
    title={A Pragmatic* Introduction to Signal Processing},
    url={https:/ /terpconnect.umd.edu/~toh/spectrum/}, journal={Introduction to Signal Processing: Table of Contents},
    author={\MakeUppercase{O'Haver}, Tom},
    year = {2019}
}

@Book{gurney1997an,
 author = {\MakeUppercase{Gurney}, Kevin},
 title = {An introduction to neural networks},
 publisher = {UCL Press},
 year = {1997},
 address = {London},
 isbn = {978-1857285031}
 }
 
 @online{missinglink.ai,
    title={Neural Networks for Regression (Part 1)-Overkill or Opportunity?},
    url={https://missinglink.ai/guides/neural-network-concepts/neural-networks-regression-part-1-overkill-opportunity/#:~:text=Regression in Neural Networks,equivalent to a logistic regression.},
    journal={MissingLink.ai},
    author={\MakeUppercase{MissingLink.ai}},
    year = {2019}
 }
 
 
@book{simeone2018brief,
      title={A Brief Introduction to Machine Learning for Engineers}, 
      author={Osvaldo \MakeUppercase{Simeone}},
      year={2018},
      eprint={1709.02840},
      archivePrefix={arXiv},
      primaryClass={cs.LG}
}

@ARTICLE{Samuel,
    author={A. L. {Samuel}},
    journal={IBM Journal of Research and Development}, 
    title={Some Studies in Machine Learning Using the Game of Checkers},
    year={1959},
    volume={3},
    number={3},
    pages={210-229},
    doi={10.1147/rd.33.0210}
}
 
 %Documentação python
 
 @software{Hunter_2007,
  Author    = {\MakeUppercase{Hunter}, J. D.},
  Title     = {Matplotlib: A 2D graphics environment},
  Journal   = {Computing in Science \& Engineering},
  Volume    = {9},
  Number    = {3},
  Pages     = {90--95},
  abstract  = {Matplotlib is a 2D graphics package used for Python for
  application development, interactive scripting, and publication-quality
  image generation across user interfaces and operating systems.},
  publisher = {IEEE COMPUTER SOC},
  doi       = {10.1109/MCSE.2007.55},
  year      = 2007
}

@software{ mckinney-proc-scipy-2010,
  author    = { Wes \MakeUppercase{McKinney}},
  title     = { {D}ata {S}tructures for {S}tatistical {C}omputing in {P}ython },
  booktitle = { {P}roceedings of the 9th {P}ython in {S}cience {C}onference },
  pages     = { 56 - 61 },
  year      = { 2010 },
  editor    = { {S}t\'efan van der {W}alt and {J}arrod {M}illman },
  doi       = { 10.25080/Majora-92bf1922-00a }
}

@software{         harris2020array,
 title         = {Array programming with {NumPy}},
 author        = {Charles R. \MakeUppercase{Harris} and
                  K. Jarrod \MakeUppercase{Millman} and
                  St{'{e}}fan J. van der \MakeUppercase{Walt} and
                  Ralf \MakeUppercase{Gommers} and
                  Pauli \MakeUppercase{Virtanen} and
                  David \MakeUppercase{Cournapeau} and
                  Eric \MakeUppercase{Wieser} and
                  Julian \MakeUppercase{Taylor} and
                  Sebastian \MakeUppercase{Berg} and
                  Nathaniel J. \MakeUppercase{Smith} and
                  Robert \MakeUppercase{Kern} and
                  Matti \MakeUppercase{Picus} and
                  Stephan \MakeUppercase{Hoyer} and
                  Marten H. van \MakeUppercase{Kerkwijk} and
                  Matthew \MakeUppercase{Brett} and
                  Allan \MakeUppercase{Haldane} and
                  Jaime Fern{'{a}}ndez del \MakeUppercase{R{'{\i}}o} and
                  Mark \MakeUppercase{Wiebe} and
                  Pearu \MakeUppercase{Peterson} and
                  Pierre G{'{e}}rard-\MakeUppercase{Marchant} and
                  Kevin \MakeUppercase{Sheppard} and
                  Tyler \MakeUppercase{Reddy} and
                  Warren \MakeUppercase{Weckesser} and
                  Hameer \MakeUppercase{Abbasi} and
                  Christoph \MakeUppercase{Gohlke} and
                  Travis E. \MakeUppercase{Oliphant}
                  },
 year          = {2020},
 month         = sep,
 journal       = {Nature},
 volume        = {585},
 number        = {7825},
 pages         = {357--362},
 doi           = {10.1038/s41586-020-2649-2},
 publisher     = {Springer Science and Business Media {LLC}},
 url           = {https://doi.org/10.1038/s41586-020-2649-2}
}

@software{chollet2015keras,
  title={Keras},
  author={\MakeUppercase{Chollet}, Fran\c{c}ois and others},
  year={2015},
  howpublished={\url{https://keras.io}},
}

@software{sklearn_api,
  author    = {Lars Buitinck and Gilles Louppe and Mathieu Blondel and
               Fabian Pedregosa and Andreas Mueller and Olivier Grisel and
               Vlad Niculae and Peter Prettenhofer and Alexandre Gramfort
               and Jaques Grobler and Robert Layton and Jake VanderPlas and
               Arnaud Joly and Brian Holt and Ga{\"{e}}l Varoquaux},
  title     = {{API} design for machine learning software: experiences from the scikit-learn
               project},
  booktitle = {ECML PKDD Workshop: Languages for Data Mining and Machine Learning},
  year      = {2013},
  pages = {108--122},
}

@software{2020SciPy,
       author = {Virtanen, Pauli and Gommers, Ralf and Oliphant,
         Travis E. and Haberland, Matt and Reddy, Tyler and
         Cournapeau, David and Burovski, Evgeni and Peterson, Pearu
         and {Weckesser}, Warren and {Bright}, Jonathan and {van der Walt},
         Stefan J.  and {Brett}, Matthew and {Wilson}, Joshua and
         {Jarrod Millman}, K.  and {Mayorov}, Nikolay and {Nelson}, Andrew
         R.~J. and {Jones}, Eric and {Kern}, Robert and {Larson}, Eric and
         {Carey}, CJ and {Polat}, lhan and {Feng}, Yu and {Moore},
         Eric W. and {Vand erPlas}, Jake and {Laxalde}, Denis and
         {Perktold}, Josef and {Cimrman}, Robert and {Henriksen}, Ian and
         {Quintero}, E.~A. and {Harris}, Charles R and {Archibald}, Anne M.
         and {Ribeiro}, Antonio H. and {Pedregosa}, Fabian and
         {van Mulbregt}, Paul and {Contributors}, SciPy 1. 0},
        title = {SciPy 1.0: Fundamental Algorithms for Scientific Computing in Python},
      journal = {Nature Methods},
         year = {2020},
}

@software{reback2020pandas,
    author       = {The pandas development team},
    title        = {pandas-dev/pandas: Pandas},
    month        = feb,
    year         = 2020,
    publisher    = {Zenodo},
    version      = {latest},
    doi          = {10.5281/zenodo.3509134},
    url          = {https://doi.org/10.5281/zenodo.3509134}
}

@book{rao,
 Author = {Singiresu S. \MakeUppercase{Rao}},
 title = {Mechanical Vibrations (5th Edition)},
 description = {Mechanical Vibrations (5th Edition) (Book, 2010)},
 publisher = {Pearson},
 interhash = {a329b388b82467e5306031e2aba4bf32},
 intrahash = {c2edb9c074e8e22c7e9d7dd6808ecabe},
 year = {2010},
 month = {sep},
 isbn = {0132128195},
 url = {https://www.xarg.org/ref/a/0132128195/}
}
